@article{recommender_systems,
  title    = "Design of an unsupervised machine learning-based movie recommender system",
  author   = "Cintia Ganesha Putri, Debby and Leu, Jenq-Shiou and Seda, Pavel",
  journal  = "Symmetry (Basel)",
  volume   =  12,
  number   =  2,
  pages    = "185",
  year     =  2020,
  language = "en"
}

@incollection{pca,
  title     = "Principal Component Analysis",
  booktitle = "International Encyclopedia of Statistical Science",
  author    = "Jolliffe, Ian",
  publisher = "Springer Berlin Heidelberg",
  pages     = "1094--1096",
  year      =  2011,
  address   = "Berlin, Heidelberg"
}